<?xml version="1.0" encoding="UTF-8"?><collection xmlns="http://www.loc.gov/MARC21/slim"><record><leader>00534nam--2200169-u-4500</leader><controlfield tag="001">000052222</controlfield><controlfield tag="002">20161230</controlfield><controlfield tag="005">20161230201050</controlfield><controlfield tag="008">100526s1000------------r-----000-0-eng-d</controlfield><datafield ind1=" " ind2=" " tag="040"><subfield code="a">IFIN-HH</subfield></datafield><datafield ind1="1" ind2=" " tag="100"><subfield code="a">Magnus, Kurt(ed)</subfield></datafield><datafield ind1="1" ind2="0" tag="245"><subfield code="a">Dynamics of Multibody Systems</subfield><subfield code="b">Symposium Munich/Germany, August 29 - September 3, 1977</subfield><subfield code="c">Kurt Magnus (ed)</subfield></datafield><datafield ind1=" " ind2=" " tag="260"><subfield code="a">Berlin</subfield><subfield code="b">Springer Verlag</subfield><subfield code="c">1978</subfield></datafield><datafield ind1=" " ind2=" " tag="300"><subfield code="a">376 p</subfield></datafield><datafield ind1=" " ind2=" " tag="490"><subfield code="a">International Union of Theoretical and Applied Mechanics</subfield></datafield><datafield ind1=" " ind2=" " tag="852"><subfield code="a">47432</subfield><subfield code="c">/531</subfield></datafield><datafield ind1=" " ind2=" " tag="CAT"><subfield code="a">Sys</subfield><subfield code="c">20100630</subfield><subfield code="h">103724</subfield></datafield></record></collection>